<?xml version="1.0" encoding="UTF-8"?>
<record xmlns="http://www.loc.gov/MARC21/slim" xmlns:xsi="http://www.w3.org/2001/XMLSchema-instance" xsi:schemaLocation="http://www.loc.gov/MARC21/slim http://www.loc.gov/standards/marcxml/schema/MARC21slim.xsd">
<leader>     nam a2200301 a 4500</leader>
<controlfield tag="001">001696995</controlfield>
<controlfield tag="003">NNU</controlfield>
<controlfield tag="005">20061010171143.0</controlfield>
<controlfield tag="008">010125s1872    tu      a     000 0dara d</controlfield>
<datafield tag="035" ind1="9" ind2=" ">
<subfield code="a">NYUb12244034</subfield>
</datafield>
<datafield tag="035" ind1=" " ind2=" ">
<subfield code="a">(CStRLIN)NYUG01-B499</subfield>
</datafield>
<datafield tag="040" ind1=" " ind2=" ">
<subfield code="a">NjP</subfield>
<subfield code="c">NjP</subfield>
<subfield code="d">NNU</subfield>
</datafield>
<datafield tag="066" ind1=" " ind2=" ">
<subfield code="c">(3</subfield>
</datafield>
<datafield tag="090" ind1=" " ind2=" ">
<subfield code="a">PJ7515</subfield>
<subfield code="b">.A28</subfield>
</datafield>
<datafield tag="100" ind1="1" ind2=" ">
<subfield code="a">Miṣrī, Mīkhāʼīl ʻAbd al-Sayyid</subfield>
<subfield code="6">880-01</subfield>
</datafield>
<datafield tag="240" ind1="1" ind2="0">
<subfield code="6">880-02</subfield>
<subfield code="a">Sulwān al-shajī fī al-radd ʻalá Ibrāhīm al-Yāzijī</subfield>
</datafield>
<datafield tag="245" ind1="1" ind2="0">
<subfield code="6">880-03</subfield>
<subfield code="a">Kitāb Sulwān al-shajī fī al-radd ʻalá Ibrāhīm al-Yāzijī /</subfield>
<subfield code="c">taʼlīf Mikhāyil Afandī ʻAbd al-Sayyid al-Miṣrī.</subfield>
</datafield>
<datafield tag="250" ind1=" " ind2=" ">
<subfield code="a">al-Ṭabʻah 1, ṭubiʻa minhā 5000 naskhah.</subfield>
</datafield>
<datafield tag="260" ind1=" " ind2=" ">
<subfield code="6">880-04</subfield>
<subfield code="a">al-Asitānah [Istanbul] :</subfield>
<subfield code="b">Maṭbaʻat al-Jawāʼib,</subfield>
<subfield code="c">1289 [1872]</subfield>
</datafield>
<datafield tag="300" ind1=" " ind2=" ">
<subfield code="a">4, 110 p.</subfield>
</datafield>
<datafield tag="500" ind1=" " ind2=" ">
<subfield code="a">Defense of Aḥmad Fāris al-Shidyāq against polemics of Ibrāhīm al-Yāzijī.</subfield>
</datafield>
<datafield tag="600" ind1="1" ind2="0">
<subfield code="a">Shidyāq, Aḥmad Fāris,</subfield>
<subfield code="d">1804?-1887.</subfield>
</datafield>
<datafield tag="600" ind1="1" ind2="0">
<subfield code="a">Yāzijī, Ibrāhīm,</subfield>
<subfield code="d">1847-1906.</subfield>
</datafield>
<datafield tag="740" ind1="0" ind2=" ">
<subfield code="a">Sulwān al-shajī fī al-radd ʻalá Ibrāhīm al-Yāzijī.</subfield>
</datafield>
<datafield tag="880" ind1="1" ind2=" ">
<subfield code="6">100-01/</subfield>
<subfield code="a">مصري، مخائيل عبد السيد.</subfield>
</datafield>
<datafield tag="880" ind1="1" ind2="0">
<subfield code="6">240-02/</subfield>
<subfield code="a">سلوان الشجى فى الرد على ابراهيم اليازجى.</subfield>
</datafield>
<datafield tag="880" ind1="1" ind2="0">
<subfield code="6">245-03/</subfield>
<subfield code="a">كتاب سلوان الشجى فى الرد على ابراهيم اليازجى /</subfield>
<subfield code="c">تاليف مخائيل عبدالسيد المصري.</subfield>
</datafield>
<datafield tag="880" ind1=" " ind2=" ">
<subfield code="6">260-04/</subfield>
<subfield code="a">الاستانة [استنبول] :</subfield>
<subfield code="b">مطبعة الجوائب،</subfield>
<subfield code="c">١٢٨٩ [١٨٧٢]</subfield>
</datafield>
<datafield tag="OWN" ind1=" " ind2=" ">
<subfield code="a">GENERAL</subfield>
</datafield>
<datafield tag="998" ind1=" " ind2=" ">
<subfield code="a">20010125</subfield>
<subfield code="d">20010125</subfield>
<subfield code="d">20011007</subfield>
<subfield code="n">NNU</subfield>
<subfield code="s">1</subfield>
<subfield code="t">c</subfield>
<subfield code="z">p</subfield>
</datafield>
<datafield tag="AVA" ind1=" " ind2=" ">
<subfield code="a">NYU50</subfield>
<subfield code="b">BOBST</subfield>
<subfield code="c">Main Collection</subfield>
<subfield code="d">PJ7515 .A28</subfield>
<subfield code="e">unavailable</subfield>
<subfield code="t">Unavailable</subfield>
<subfield code="f">1</subfield>
<subfield code="g">1</subfield>
<subfield code="h">N</subfield>
<subfield code="i">1</subfield>
<subfield code="j">MAIN</subfield>
</datafield>
</record>
